
@book{Alg,
	title={Algebra},
  	author={Artin, M.},
  	isbn={9780132413770},
  	lccn={2010017573},
  	url={https://books.google.com/books?id=S6GSAgAAQBAJ},
  	year={2011},
  	publisher={Pearson Prentice Hall}
}
@book{Anal,
  	title={Principles of Mathematical Analysis},
  	author={Rudin, W.},
  	isbn={9780070856134},
  	lccn={75179033},
  	series={International series in pure and applied mathematics},
  	url={https://books.google.com/books?id=kwqzPAAACAAJ},
  	year={1976},
  	publisher={McGraw-Hill}
}
@book{PDE,
  	title={Partial Differential Equations: An Introduction, 2e Student Solutions Manual},
  	author={Levandosky, J.L. and Levandosky, S.P. and Strauss, W.A.},
  	isbn={9780470260715},
  	lccn={2010287546},
  	url={https://books.google.com/books?id=DlrHAgAAQBAJ},
  	year={2008},
  	publisher={Wiley}
}
